@article{abernathy1975technology,
  title={Technology, productivity and process change},
  author={Abernathy, William J and Townsend, Phillip L},
  journal={Technological Forecasting and Social Change},
  volume={7},
  number={4},
  pages={379--396},
  year={1975},
  publisher={Elsevier}
}
@incollection{acemoglu2011skills,
  title={Skills, tasks and technologies: Implications for employment and earnings},
  author={Acemoglu, Daron and Autor, David},
  booktitle={Handbook of labor economics},
  volume={4},
  pages={1043--1171},
  year={2011},
  publisher={Elsevier}
}
@article{autor2003skill,
  title={The skill content of recent technological change: An empirical exploration},
  author={Autor, David H and Levy, Frank and Murnane, Richard J},
  journal={The Quarterly journal of economics},
  volume={118},
  number={4},
  pages={1279--1333},
  year={2003},
  publisher={MIT Press}
}
@article{david2003skill,
  title={The skill content of recent technological change: An empirical exploration},
  author={David, H and FRANK, LEVY and RICHARD, J MURNANE},
  journal={Quarterly journal of economics},
  volume={118},
  pages={4},
  year={2003}
}
@article{badue2021self,
  title={Self-driving cars: A survey},
  author={Badue, Claudine and Guidolini, R{\^a}nik and Carneiro, Raphael Vivacqua and Azevedo, Pedro and Cardoso, Vinicius B and Forechi, Avelino and Jesus, Luan and Berriel, Rodrigo and Paixao, Thiago M and Mutz, Filipe and others},
  journal={Expert Systems with Applications},
  volume={165},
  pages={113816},
  year={2021},
  publisher={Elsevier}
}
@article{bainbridge1982ironies,
  title={Ironies of automation},
  author={Bainbridge, Lisanne},
  journal={IFAC Proceedings Volumes},
  volume={15},
  number={6},
  pages={129--135},
  year={1982},
  publisher={Elsevier}
}
@article{berberian2012automation,
  title={Automation technology and sense of control: a window on human agency},
  author={Berberian, Bruno and Sarrazin, Jean-Christophe and Le Blaye, Patrick and Haggard, Patrick},
  journal={PloS one},
  volume={7},
  number={3},
  pages={e34075},
  year={2012},
  publisher={Public Library of Science San Francisco, USA}
}
@article{daily2017self,
  title={Self-driving cars},
  author={Daily, Mike and Medasani, Swarup and Behringer, Reinhold and Trivedi, Mohan},
  journal={Computer},
  volume={50},
  number={12},
  pages={18--23},
  year={2017},
  publisher={IEEE}
}
@article{davenport2019potential,
  title={The potential for artificial intelligence in healthcare},
  author={Davenport, Thomas and Kalakota, Ravi},
  journal={Future healthcare journal},
  volume={6},
  number={2},
  pages={94},
  year={2019},
  publisher={Royal College of Physicians}
}
@article{evangelista2012impact,
  title={The impact of technological and organizational innovations on employment in European firms},
  author={Evangelista, Rinaldo and Vezzani, Antonio},
  journal={Industrial and Corporate Change},
  volume={21},
  number={4},
  pages={871--899},
  year={2012},
  publisher={Oxford University Press}
}
 @misc{usbureauoflaborstatistics, 
  title={Featured CES searchable databases}, 
  url={https://www.bls.gov/ces/data/#}, 
  journal={U.S. Bureau of Labor Statistics}, 
  publisher={U.S. Bureau of Labor Statistics}
}
@misc{fleming2020short,
  title={A short history of jobs and automation},
  author={Fleming, Sean},
  year={2020}
}
@article{greenblatt2016self,
  title={Self-driving cars and the law},
  author={Greenblatt, Nathan A},
  journal={IEEE spectrum},
  volume={53},
  number={2},
  pages={46--51},
  year={2016},
  publisher={IEEE}
}
@article{hills1989william,
  title={William Lee and his knitting machine},
  author={Hills, Richard L},
  journal={Journal of the Textile Institute},
  volume={80},
  number={2},
  pages={169--184},
  year={1989},
  publisher={Taylor \& Francis}
}
@article{jamsa2007future,
  title={Future trends in process automation},
  author={J{\"a}ms{\"a}-Jounela, Sirkka-Liisa},
  journal={Annual Reviews in Control},
  volume={31},
  number={2},
  pages={211--220},
  year={2007},
  publisher={Elsevier}
}
@article{lala2020autonomous,
  title={Autonomous vehicle safety: lessons from aviation},
  author={Lala, Jaynarayan H and Landwehr, Carl E and Meyer, John F},
  journal={Communications of the ACM},
  volume={63},
  number={9},
  pages={28--31},
  year={2020},
  publisher={ACM New York, NY, USA}
}
 @misc{mackie_2021, 
  title={Beware Professional Services Workers: Robots are coming for your job too!},
  url={https://www.forbes.com/sites/calvinmackie/2021/09/30/beware-professional-services-workers-robots-are-coming-for-your-job-too/?sh=2fd2aa5b5237}, 
  journal={Forbes}, 
  publisher={Forbes Magazine}, 
  author={Mackie, Calvin}, 
  year={2021}, 
  month={Oct}
}
  @article{mahmud2020robotics,
  title={Robotics and automation in agriculture: present and future applications},
  author={Mahmud, Mohd Saiful Azimi and Abidin, Mohamad Shukri Zainal and Emmanuel, Abioye Abiodun and Hasan, Hameedah Sahib},
  journal={Applications of Modelling and Simulation},
  volume={4},
  pages={130--140},
  year={2020}
}
@article{mcclure2018you,
  title={“You’re fired,” says the robot: The rise of automation in the workplace, technophobes, and fears of unemployment},
  author={McClure, Paul K},
  journal={Social Science Computer Review},
  volume={36},
  number={2},
  pages={139--156},
  year={2018},
  publisher={Sage Publications Sage CA: Los Angeles, CA}
}
@article{mohanraj2016field,
  title={Field monitoring and automation using IOT in agriculture domain},
  author={Mohanraj, I and Ashokumar, Kirthika and Naren, J},
  journal={Procedia Computer Science},
  volume={93},
  pages={931--939},
  year={2016},
  publisher={Elsevier}
}
@misc{nie2001internet,
  title={Internet and Society: A Preliminary Report. The Digital Divide: Facing a Crisis or Creating a Myth},
  author={Nie, NH and Erbring, L},
  year={2001},
  publisher={Cambridge: MIT Press}
}
@article{peleska1996test,
  title={Test automation of safety-critical reactive systems},
  author={Peleska, Jan and Siegel, Michael},
  year={1996},
  publisher={South African Computer Society (SAICSIT)}
}
 @misc{python.org_2021, 
  title={Python release python 3.9.7}, 
  url={https://www.python.org/downloads/release/python-397/}, 
  journal={Python.org}, 
  year={2021}, 
  month={Aug}
}
 @misc{R-base,
  title={The R Project for Statistical Computing},
  url={https://cran.case.edu/}, 
  journal={The Comprehensive R Archive Network}, 
  year={2022}, 
  month={Mar}
}
@article{rice2019driverless,
  title={The driverless car and the legal system: Hopes and fears as the courts, regulatory agencies, waymo, tesla, and uber deal with this exciting and terrifying new technology},
  author={Rice, Daniel},
  journal={Journal of Strategic Innovation and Sustainability},
  volume={14},
  number={1},
  pages={134--146},
  year={2019},
  publisher={North American Business Press}
}
@article{robinson2003new,
  title={New social survey perspectives on the digital divide},
  author={Robinson, John P and DiMaggio, Paul and Hargittai, Eszter},
  journal={It \& Society},
  volume={1},
  number={5},
  pages={1--22},
  year={2003}
}
 @misc{iata, 
  title={Safety Data and MRO Solutions}, 
  url={https://www.iata.org/en/services/statistics/safety-data/}, 
  journal={IATA}
}
@article{sarangi2016automation,
  title={Automation of Agriculture Support Systems using Wisekar: Case study of a crop-disease advisory service},
  author={Sarangi, Sanat and Umadikar, Jayalakshmi and Kar, Subrat},
  journal={Computers and electronics in agriculture},
  volume={122},
  pages={200--210},
  year={2016},
  publisher={Elsevier}
}
@article{schwall2020waymo,
  title={Waymo public road safety performance data},
  author={Schwall, Matthew and Daniel, Tom and Victor, Trent and Favaro, Francesca and Hohnhold, Henning},
  journal={arXiv preprint arXiv:2011.00038},
  year={2020}
}
 @misc{smith_2019, 
  title={Methodology}, 
  url={https://www.pewresearch.org/internet/2016/03/10/future-of-workforce-automation-methodology/}, 
  journal={Pew Research Center: Internet, Science &amp; Tech}, 
  publisher={Pew Research Center}, 
  author={Smith, Aaron}, 
  year={2019}, 
  month={Dec}
}
@article{stanton1996fly,
  title={From fly-by-wire to drive-by-wire: Safety implications of automation in vehicles},
  author={Stanton, Neville A and Marsden, Philip},
  journal={Safety science},
  volume={24},
  number={1},
  pages={35--49},
  year={1996},
  publisher={Elsevier}
}
@article{strawn2016automation,
  title={Automation and future unemployment},
  author={Strawn, George},
  journal={IT Professional},
  volume={18},
  number={1},
  pages={62--64},
  year={2016},
  publisher={IEEE}
}
@book{thomis1972luddites,
  title={The Luddites; Machine-Breaking in Regency England},
  author={Thomis, Malcolm I},
  year={1972},
  publisher={Schocken Books Incorporated}
}
@article{ward2000automation,
  title={Automation of task processes: An example of intelligent transportation systems},
  author={Ward, Nicholas J},
  journal={Human Factors and Ergonomics in Manufacturing \& Service Industries},
  volume={10},
  number={4},
  pages={395--408},
  year={2000},
  publisher={Wiley Online Library}
}
@article{widnall1971lunar,
  title={Lunar module digital autopilot},
  author={Widnall, William S},
  journal={Journal of Spacecraft and Rockets},
  volume={8},
  number={1},
  pages={56--62},
  year={1971}
}
@book{windsor1913popular,
  title={Popular Mechanics Magazine},
  author={Windsor, Henry Haven},
  volume={20},
  year={1913},
  publisher={Popular Mechanics Company}
}
@article{song2003being,
  title={Being left behind: The discourse of fear in technological change},
  author={Song, Felicia Wu},
  journal={The Hedgehog Review},
  volume={5},
  number={3},
  pages={26--43},
  year={2003},
  publisher={Institute for Advanced Studies in Culture}
}   
@Manual{R-papaja,
  title = {{papaja}: {Prepare} reproducible {APA} journal articles with {R Markdown}},
  author = {Frederik Aust and Marius Barth},
  year = {2022},
  note = {R package version 0.1.0.9999},
  url = {https://github.com/crsh/papaja},
}
@Manual{R-tinylabels,
  title = {{tinylabels}: Lightweight Variable Labels},
  author = {Marius Barth},
  year = {2022},
  note = {R package version 0.2.3},
  url = {https://cran.r-project.org/package=tinylabels},
}
 @misc{beresnevicius_2019, 
  title={Automation in the aviation industry - the future is automated}, 
  url={https://www.aerotime.aero/articles/23162-automation-aviation-industry}, 
  journal={AeroTime Hub}, 
  publisher={AeroTime Hub}, 
  author={Beresnevicius, Rytis}, 
  year={2019}, 
  month={Jul}
}
@misc{levelsofautomation,
  title={The Evolution of Automated Safety Technologies},
  author={National Highway Traffic Safety Administration},
  publisher={US Department of Transportation},
  url={https://www.nhtsa.gov/technology-innovation/automated-vehicles-safety}
}
@misc{btstransstats,
  author = {Department of Transportation Statistics},
  title = {TranStats},
  howpublished = {\url{https://transtats.bts.gov/DL_SelectFields.aspx?gnoyr_VQ=FIL&QO_fu146_anzr=Nv4%20Pn44vr45}},
  month = {Jan},
  year = {2022},
  note = {(Accessed on 04/15/2022)}
}
@misc{AirlineI37,
  author = {Jason Blevins},
  title = {Airline Industry Datasets},
  howpublished = {\url{https://jblevins.org/notes/airline-data}},
  month = {Apr},
  year = {2010},
  note = {(Accessed on 04/15/2022)}
}
@misc{BLSDataV82,
  author = {United States Bureau of Labor Statistics},
  title = {BLS Data Viewer},
  howpublished = {\url{https://beta.bls.gov/dataViewer/view/timeseries/PCU481---481---}},
  month = {Apr},
  year = {2022},
  note = {(Accessed on 04/15/2022)}
}
@misc{3Writing61,
  author = {Frederik Aust, Marius Barth},
  title = {papaja: Reproducible APA manuscripts with R Markdown},
  howpublished = {\url{http://frederikaust.com/papaja_man/writing.html#cross-referencing}},
  month = {May},
  year = {2021},
  note = {(Accessed on 04/15/2022)}
}
@misc{Accident29,
  author = {National Transportation Safety Board},
  title = {Accident Data},
  howpublished = {\url{https://www.ntsb.gov/safety/data/Pages/Data_Stats.aspx}},
  month = {Apr},
  year = {2022},
  note = {(Accessed on 04/15/2022)}
}
@misc{rhbarbhayagit,
  author={Github:: Rushabh Barbhaya},
  title={Safety and Jobs in Automated World},
  url={https://github.com/rhbarbhaya/Safety-and-Jobs-in-Automated-World},
  month={May},
  year={2022},
  note={github code repository}
}
@misc{_2022_directory,
  author = {, Duesenberg},
  title = {Directory Index: Duesenberg/1922_Duesenberg_Model_A_Catalogue},
  url = {http://www.oldcarbrochures.com/static/NA/Duesenberg/1922_Duesenberg_Model_A_Catalogue/1922%20Duesenberg%20Model%20A%20Catalogue-06.html},
  urldate = {2022-04-23},
  year = {2022},
  organization = {Oldcarbrochures.com}
}

@misc{straith_2022_history,
  author = {Straith, Clair L.},
  publisher = {Straith Clinic},
  title = {History Of Straith Clinic},
  url = {https://straithclinic.com/history-of-straith-plastic-surgery-clinic-detroit.html},
  urldate = {2022-04-23},
  year = {2022},
  organization = {Straith Clinic}
}

@book{runeandrasson_2000_the,
  author = {Rune Andréasson and Claes-Göran Bäckström and Vattenfall. Kulturvardskommittén},
  publisher = {Eo Print},
  title = {The seat belt : Swedish research and development for global automotive safety.},
  year = {2000}
}

@misc{sparke_1999_wayback,
  author = {Sparke, L. J.},
  month = {11},
  title = {Wayback Machine},
  url = {https://web.archive.org/web/20071008232829/http://www.aesvn.org/resources/new-car-safety.pdf},
  urldate = {2022-04-23},
  year = {1999},
  organization = {web.archive.org}
}

@misc{hudson_1936_directory,
  author = {Hudson},
  title = {Directory Index: Hudson/1936_Hudson/1936_Hudson_-_How_What_Why},
  url = {http://www.oldcarbrochures.com/static/NA/Hudson/1936_Hudson/1936_Hudson_-_How_What_Why/1936%20Hudsons%20HWW-089%20001.html},
  urldate = {2022-04-23},
  year = {1936},
  organization = {Oldcarbrochures.com}
}

@misc{chrysler_1937_directory,
  author = {Chrysler},
  title = {Directory Index: Chrysler_and_Imperial/1937_Chrysler/1937_Chrysler_Brochure},
  url = {http://www.oldcarbrochures.com/static/NA/Chrysler_and_Imperial/1937_Chrysler/1937_Chrysler_Brochure/1937%20Chrysler-08-09.html},
  urldate = {2022-04-23},
  year = {1937},
  organization = {Oldcarbrochures.com}
}

@misc{plymouth_1937_directory,
  author = {Plymouth},
  title = {Directory Index: Plymouth/1937_Plymouth/1937_Plymouth_Biggest_Value_Brochure},
  url = {http://www.oldcarbrochures.com/static/NA/Plymouth/1937_Plymouth/1937_Plymouth_Biggest_Value_Brochure/1937%20Plymouth%20Biggest%20Value-19.html},
  urldate = {2022-04-23},
  year = {1937},
  organization = {Oldcarbrochures.com}
}

@misc{dodge_1940_directory,
  author = {Dodge},
  title = {Directory Index: Dodge/1940_Dodge/1940_Dodge_Brochure},
  url = {http://www.oldcarbrochures.com/static/NA/Dodge/1940_Dodge/1940_Dodge_Brochure/1940%20Dodge-09-10.html},
  urldate = {2022-04-23},
  year = {1940},
  organization = {Oldcarbrochures.com}
}

@book{beverlyraekimes_1996_standard,
  author = {Beverly Rae Kimes and Austen, Henry},
  publisher = {Krause Publications},
  title = {Standard catalog of american cars : 1805-1942},
  year = {1996}
}
@misc{_1948_directory,
  author = {, Tucker},
  title = {Directory Index: Tucker/album/album},
  url = {https://web.archive.org/web/20101204091038/http://www.oldcarbrochures.com/static/NA/Tucker/album/album/1948%20Tucker-04.html},
  urldate = {2022-04-23},
  year = {1948},
  organization = {web.archive.org}
}

@misc{saab_1949_saab,
  author = {Saab},
  title = {Saab shows its first concept car - Latest Car News from 4Car},
  url = {https://web.archive.org/web/20080519035733/http://www.channel4.com/4car/news/news-story.jsp?news_id=6034},
  urldate = {2022-04-23},
  year = {1949},
  organization = {web.archive.org}
}

@book{jkellyflory_2008_american,
  author = {J  Kelly Flory},
  publisher = {Mcfarland & Co},
  title = {American cars, 1946-1959 : every model, year by year},
  year = {2008}
}

@book{corporation_1955_popular,
  author = {Corporation, Bonnier},
  month = {06},
  publisher = {Bonnier Corporation},
  title = {Popular Science},
  url = {https://books.google.com/books?id=biYDAAAAMBAJ&pg=-PA27&dq=popular+science+1930&hl=en&sa=X&ei=I5ICT8KZKsvlgge97s22Ag&ved=0CEsQ6AEwBjhu#v=onepage&q&f=true},
  urldate = {2022-04-23},
  year = {1955},
  organization = {Google Books}
}

@misc{volvo_1959_safety,
  author = {Volvo},
  title = {Safety Innovation in Cars | Volvo Cars},
  url = {https://web.archive.org/web/20161113114437/http://www.volvocars.com/intl/about/our-company/heritage/innovations},
  urldate = {2022-04-23},
  year = {1959},
  organization = {web.archive.org}
}

@article{kashyap_2017_safety,
  author = {Kashyap, Dharam Pal},
  month = {03},
  pages = {965},
  title = {Safety and Security in Automobile and Its History},
  url = {https://www.ijcrt.org/papers/IJCRT1801132.pdf},
  urldate = {2022-04-23},
  volume = {5},
  year = {2017},
  journal = {International Journal of Creative Research Thoughts}
}

@misc{popa_2009_citroen,
  author = {Popa, Bogdan},
  month = {02},
  publisher = {autoevolution},
  title = {Citroen C5 with Snow Motion Intelligent Anti-Skid System},
  url = {https://www.autoevolution.com/news/citroen-c5-with-snow-motion-intelligent-anti-skid-system-4542.html},
  urldate = {2022-04-23},
  year = {2009},
  organization = {autoevolution}
}

@misc{hard_2010_nhtsa,
  author = {Hard, Gordan},
  month = {04},
  publisher = {Consumer Reports},
  title = {NHTSA declines to revisit roof-crush standard},
  url = {https://www.consumerreports.org/cro/news/2010/04/nhtsa-declines-to-revisit-roof-crush-standard/index.htm},
  urldate = {2022-04-23},
  year = {2010},
  organization = {www.consumerreports.org}
}
@misc{bureauoftransportationstatistics_2021_annual,
  author = {Bureau of Transportation Statistics},
  publisher = {Department of Transportation},
  title = {Annual U.S. Motor Vehicle Production and Domestic Sales | Bureau of Transportation Statistics},
  url = {https://www.bts.gov/content/annual-us-motor-vehicle-production-and-factory-wholesale-sales-thousands-units},
  urldate = {2022-04-23},
  year = {2021},
  organization = {Bureau of Transportation Statistics}
}
@misc{anonymous_2016_nhtsa,
  author = {National Highway Traffic Safety Administration},
  month = {11},
  publisher = {Department of Transportation},
  title = {NHTSA},
  url = {https://www.nhtsa.gov/research-data/fatality-analysis-reporting-system-fars},
  urldate = {2022-04-23},
  year = {2016},
  organization = {NHTSA}
}
@misc{tesladeaths_2022_tesladeathscom,
  author = {Tesla Deaths},
  month = {04},
  title = {TeslaDeaths.com: Digital record of Tesla crashes resulting in death},
  url = {https://www.tesladeaths.com},
  urldate = {2022-04-23},
  year = {2022},
  organization = {TeslaDeaths.com}
}
@misc{reed_2020_history,
  author = {Reed, Eric},
  month = {02},
  publisher = {TheStreet},
  title = {History of Tesla: Timeline and Facts},
  url = {https://www.thestreet.com/technology/history-of-tesla-15088992},
  urldate = {2022-04-23},
  year = {2020},
  organization = {TheStreet}
}@Manual{R-dplyr,
  title = {dplyr: A Grammar of Data Manipulation},
  author = {Hadley Wickham and Romain François and Lionel Henry and Kirill Müller},
  year = {2022},
  note = {R package version 1.0.8},
  url = {https://CRAN.R-project.org/package=dplyr},
}
